@article{Lamport79,
  author    = {Leslie Lamport},
  title     = {How to Make a Multiprocessor Computer That Correctly Executes Multiprocess
               Programs},
  journal   = {{IEEE} Trans. Computers},
  year      = {1979},
}

@inproceedings{Sewell,
  author    = {Peter Sewell},
  title     = {Memory, an elusive abstraction},
  booktitle = {{ISMM}, Toronto, Ontario, Canada},
  year      = {2010},
}


@article{AdveG,
  author    = {Sarita V. Adve and
               Kourosh Gharachorloo},
  title     = {Shared Memory Consistency Models: {A} Tutorial},
  journal   = {{IEEE} Computer},
  year      = {1996},
}

@inproceedings{SarkarS,
  author    = {Susmit Sarkar and
               Peter Sewell and
               Francesco Zappa Nardelli and
               Scott Owens and
               Tom Ridge and
               Thomas Braibant and
               Magnus O. Myreen and
               Jade Alglave},
  title     = {The semantics of x86-CC multiprocessor machine code},
  booktitle = {{POPL}, Savannah, GA, USA},
  year      = {2009},
}

@inproceedings{OwensS,
  author    = {Scott Owens and
               Susmit Sarkar and
               Peter Sewell},
  title     = {A Better x86 Memory Model: x86-TSO},
  booktitle = {TPHOLs, Munich, Germany},
  year      = {2009},
}


@inproceedings{JeremyM,
author = {Manson, Jeremy},
title = {The Design and Verification of {J}avaâ€™s Memory Model},
year = {2002},
booktitle = {OOPSLA},
}

@article{BenderJ,
  author    = {John Bender and
               Jens Palsberg},
  title     = {A formalization of {J}ava's concurrent access modes},
  journal   = {OOPSLA},
  year      = {2019},
}

@inproceedings{BattyM,
  author    = {Mark Batty and
               Scott Owens and
               Susmit Sarkar and
               Peter Sewell and
               Tjark Weber},
 title     = {Mathematizing {C++} concurrency},
  booktitle = {{POPL}, Austin, TX, USA},
  year      = {2011},
}

@inproceedings{SevcikJ,
  author    = {Jaroslav {\u{S}}ev{\u{c}}{\'{i}}k and
               David Aspinall},
  title     = {On Validity of Program Transformations in the {J}ava Memory Model},
  booktitle = {{ECOOP}, Paphos, Cyprus},
  year      = {2008},
}

@inproceedings{VafeiadisV,
  author    = {Viktor Vafeiadis and
               Thibaut Balabonski and
               Soham Chakraborty and
               Robin Morisset and
               Francesco Zappa Nardelli},
  title     = {Common Compiler Optimisations are Invalid in the {C11} Memory Model
               and what we can do about it},
  booktitle = {{POPL}, Mumbai, India},
  year      = {2015},
}

@inproceedings{Sevcik2,
  author    = {Jaroslav {\u{S}}ev{\u{c}}{\'{i}}k},
  title     = {Safe optimisations for shared-memory concurrent programs},
  booktitle = {{PLDI}, San Jose, USA},
  year      = {2011},
}

@inproceedings{WattC,
  author    = {Conrad Watt and
               Christopher Pulte and
               Anton Podkopaev and
               Guillaume Barbier and
               Stephen Dolan and
               Shaked Flur and
               Jean Pichon{-}Pharabod and
               Shu{-}yu Guo},
  title     = {Repairing and mechanising the {J}ava{S}cript relaxed memory model},
  booktitle = {{PLDI}, London, UK},
  year      = {2020},
}

@article {ECMA,
    author = {Draft},
    title = {{ECMAScript} Language Specification},
    year = {2020},
    url = {https://tc39.es/ecma262/#sec-memory-model}
}

@inproceedings{NaumovichA,
  author    = {Gleb Naumovich and
               George S. Avrunin},
  title     = {A Conservative Data Flow Algorithm for Detecting All Pairs of Statement
               That May Happen in Parallel},
  booktitle = {FSE, Lake Buena Vista, FL, USA},
  year      = {1998},
}

