@article{Lamport79,
  author    = {Leslie Lamport},
  title     = {How to Make a Multiprocessor Computer That Correctly Executes Multiprocess
               Programs},
  journal   = {{IEEE} Trans. Computers},
  year      = {1979},
}

@inproceedings{Sewell,
  author    = {Peter Sewell},
  title     = {Memory, an elusive abstraction},
  booktitle = {{ISMM}, Toronto, Ontario, Canada},
  year      = {2010},
}


@article{AdveG,
  author    = {Sarita V. Adve and
               Kourosh Gharachorloo},
  title     = {Shared Memory Consistency Models: {A} Tutorial},
  journal   = {{IEEE} Computer},
  year      = {1996},
}

@inproceedings{SarkarS,
  author    = {Susmit Sarkar and
               Peter Sewell and
               Francesco Zappa Nardelli and
               Scott Owens and
               Tom Ridge and
               Thomas Braibant and
               Magnus O. Myreen and
               Jade Alglave},
  title     = {The semantics of x86-CC multiprocessor machine code},
  booktitle = {{POPL}, Savannah, GA, USA},
  year      = {2009},
}

@inproceedings{OwensS,
  author    = {Scott Owens and
               Susmit Sarkar and
               Peter Sewell},
  title     = {A Better x86 Memory Model: x86-TSO},
  booktitle = {TPHOLs, Munich, Germany},
  year      = {2009},
}


@inproceedings{JeremyM,
author = {Manson, Jeremy},
title = {The Design and Verification of {J}ava’s Memory Model},
year = {2002},
booktitle = {OOPSLA},
}

@article{BenderJ,
  author    = {John Bender and
               Jens Palsberg},
  title     = {A formalization of {J}ava's concurrent access modes},
  journal   = {OOPSLA},
  year      = {2019},
}

@inproceedings{BattyM,
  author    = {Mark Batty and
               Scott Owens and
               Susmit Sarkar and
               Peter Sewell and
               Tjark Weber},
 title     = {Mathematizing {C++} concurrency},
  booktitle = {{POPL}, Austin, TX, USA},
  year      = {2011},
}

@inproceedings{SevcikJ,
  author    = {Jaroslav {\u{S}}ev{\u{c}}{\'{i}}k and
               David Aspinall},
  title     = {On Validity of Program Transformations in the {J}ava Memory Model},
  booktitle = {{ECOOP}, Paphos, Cyprus},
  year      = {2008},
}

@inproceedings{VafeiadisV,
  author    = {Viktor Vafeiadis and
               Thibaut Balabonski and
               Soham Chakraborty and
               Robin Morisset and
               Francesco Zappa Nardelli},
  title     = {Common Compiler Optimisations are Invalid in the {C11} Memory Model
               and what we can do about it},
  booktitle = {{POPL}, Mumbai, India},
  year      = {2015},
}

@inproceedings{Sevcik2,
  author    = {Jaroslav {\u{S}}ev{\u{c}}{\'{i}}k},
  title     = {Safe optimisations for shared-memory concurrent programs},
  booktitle = {{PLDI}, San Jose, USA},
  year      = {2011},
}

@inproceedings{WattC,
  author    = {Conrad Watt and
               Christopher Pulte and
               Anton Podkopaev and
               Guillaume Barbier and
               Stephen Dolan and
               Shaked Flur and
               Jean Pichon{-}Pharabod and
               Shu{-}yu Guo},
  title     = {Repairing and mechanising the {J}ava{S}cript relaxed memory model},
  booktitle = {{PLDI}, London, UK},
  year      = {2020},
}

@article {ECMA,
    author = {Draft},
    title = {{ECMAScript} Language Specification},
    year = {2020},
    url = {https://tc39.es/ecma262/#sec-memory-model}
}

@inproceedings{NaumovichA,
  author    = {Gleb Naumovich and
               George S. Avrunin},
  title     = {A Conservative Data Flow Algorithm for Detecting All Pairs of Statement
               That May Happen in Parallel},
  booktitle = {FSE, Lake Buena Vista, FL, USA},
  year      = {1998},
}

%EXTRA REFERENCES 

%DRFx Memory Model
@inproceedings{DBLP:conf/pldi/MarinoSMMN10,
  author    = {Daniel Marino and
               Abhayendra Singh and
               Todd D. Millstein and
               Madanlal Musuvathi and
               Satish Narayanasamy},
  title     = {{DRFX:} a simple and efficient memory model for concurrent programming
               languages},
  booktitle = {PLDI, Toronto, Ontario},
  year      = {2010},
}

%Formal Specification of Memory Models
@Inbook{Sindhu1992,
  author="Sindhu, Pradeep S.
          and Frailong, Jean-Marc
          and Cekleov, Michel",
  title="Formal Specification of Memory Models",
  year="1992",
  address="Boston, MA",
}

%Herding Catsu
@article{10.1145/2627752,
  author = {Alglave, Jade and Maranget, Luc and Tautschnig, Michael},
  title = {Herding Cats: Modelling, Simulation, Testing, and Data Mining for Weak Memory},
  year = {2014},
  address = {New York, NY, USA},
  journal = {ACM Trans. Program. Lang. Syst.},
}

%Relaxed Memory Models must be rigorous
@MISC{Peter_relaxedmemory,
    author = {Nardelli and  
              Peter Sewell and 
              Jaroslav Sevčík and 
              Susmit Sarkar and 
              Scott Owens and 
              Luc Maranget and 
              Mark Batty and 
              Jade Alglave},
    title = {Relaxed memory models must be rigorous},
    year = {2009},
}


%Promising Semantics 
@inproceedings{DBLP:conf/popl/KangHLVD17,
  author    = {Jeehoon Kang and
               Chung{-}Kil Hur and
               Ori Lahav and
               Viktor Vafeiadis and
               Derek Dreyer},
  title     = {A promising semantics for relaxed-memory concurrency},
  booktitle = {{POPL} Paris, France},
  year      = {2017},
}

%Foundations of C++ memory model
@inproceedings{DBLP:conf/pldi/BoehmA08,
  author    = {Hans{-}Juergen Boehm and
               Sarita V. Adve},
  title     = {Foundations of the {C++} concurrency memory model},
  booktitle = {PLDI, Tucson, AZ, USA},
  year      = {2008},
}

%EMME: Memory Model tool to verify Javascript memory model 
@article{DBLP:journals/corr/abs-1801-10140,
  author    = {Cristian Mattarei and
               Clark W. Barrett and
               Shu{-}yu Guo and
               Bradley Nelson and
               Ben Smith},
  title     = {{EMME:} a formal tool for ECMAScript Memory Model Evaluation},
  journal   = {CoRR},
  year      = {2018},
}


%Operational Semantics of C++ memory model
@inproceedings{DBLP:conf/oopsla/NienhuisMS16,
  author    = {Kyndylan Nienhuis and
               Kayvan Memarian and
               Peter Sewell},
  editor    = {Eelco Visser and
               Yannis Smaragdakis},
  title     = {An operational semantics for {C/C++11} concurrency},
  booktitle = {Proceedings of the 2016 {ACM} {SIGPLAN} International Conference on
               Object-Oriented Programming, Systems, Languages, and Applications,
               {OOPSLA} 2016, part of {SPLASH} 2016, Amsterdam, The Netherlands,
               October 30 - November 4, 2016},
  pages     = {111--128},
  publisher = {{ACM}},
  year      = {2016},
  url       = {https://doi.org/10.1145/2983990.2983997},
  doi       = {10.1145/2983990.2983997},
  timestamp = {Tue, 06 Nov 2018 16:57:16 +0100},
  biburl    = {https://dblp.org/rec/conf/oopsla/NienhuisMS16.bib},
  bibsource = {dblp computer science bibliography, https://dblp.org}
}



